//the bank's name and the message's unique identifier.
:20:MT940-002 
:25:BNPAFRPPXXX
:28C:002/01
//The statement header (line 60F) shows the balance and currency of the account.
:60F:C230625EUR1000000,00
:61:230625C100000,00NTRFNONREF//123456789
:86:XXX?00XXXXXXXX?20EREF+xx:xxxxxxxx
?21KREF+2021122986876852591700?22000000032013?23MREF+xxxxxxxx
?24CRED+xxxxxxxxxxxxxxx?25SVWZ+xxxxxxxx XXXXXXXX
?26ungsnummer XXXX-XXX-XXXX XX?27EF: xx:xxxxxxxx MREF: xxxxxx
?2813 CRED: xxxxxxxxxxxxxxxx?29 IBAN: XXXXXXXXXXXXXXXXXX ?30GEXXXXSGXXX?31NL00000600000XXXX00000
?32Insurance?33-AG?34817
:61:230625D200000,00NTRFNONREF//234567890
:86:?20EREF+xx:xxxxxxxx
?21REDEMPTION OF BONDS?23MREF+xxxxxxxx
?24CRED+xxxxxxxxxxxxxxx?25SVWZ+xxxxxxxx XXXXXXXX
?26ungsnummer XXXX-XXX-XXXX XX?27EF: xx:xxxxxxxx MREF: xxxxxx
?2813 CRED: xxxxxxxxxxxxxxxx?29 IBAN: XXXXXXXXXXXXXXXXXX ?30GEXXXXSGXXX?31NL00000600000XXXX00000
?32Insurance
:61:230625D300000,00NTRFNONREF//345678901
:86:STOCK PURCHASE FROM ABC COMPANY
:61:230625C400000,00NTRFNONREF//456789012
:86:DEPOSIT INTO ACCOUNT FROM XYZ COMPANY
:61:230625C500000,00NTRFNONREF//567890123
:86:PAYMENT FROM CUSTOMER FOR SERVICES RENDERED
//The statement trailer (62F) indicates the closing balance of the account
:62F:C230625EUR700000,00
//the bank's name and the message's unique identifier.
:20:MT940-003
:25:BNPAFRPDXXX
:28C:003/01
//The statement header (line 60F) shows the balance and currency of the account.
:60F:C230625EUR1000000,00
:61:230625C100000,00NTRFNONREF//123456789
:86:XXX?00XXXXXXXX?20EREF+xx:xxxxxxxx
?21KREF+2021122986876852591700?22000000032013?23MREF+xxxxxxxx
?24CRED+xxxxxxxxxxxxxxx?25SVWZ+xxxxxxxx XXXXXXXX
?26ungsnummer XXXX-XXX-XXXX XX?27EF: xx:xxxxxxxx MREF: xxxxxx
?2813 CRED: xxxxxxxxxxxxxxxx?29 IBAN: NL74RABO7959494258
:61:230625D200000,00NTRFNONREF//234567890
:86:?20REDEMPTION OF BONDS TAN: 789728 IBAN: NL74RABO7959494258 GB29NWBK60161331926819?30
:61:230625D300000,00NTRFNONREF//345678901
:86:?20STOCK PURCHASE FROM ABC COMPANY TAN:?21 788728 IBAN: NL88RABO7959494258 DE98ZZZ09999999999?30
:61:230625C400000,00NTRFNONREF//456789012
:86:DEPOSIT INTO ACCOUNT FROM XYZ COMPANY
:61:230625C500000,00NTRFNONREF//567890123
:86:PAYMENT FROM CUSTOMER FOR SERVICES RENDERED
//The statement trailer (62F) indicates the closing balance of the account
:62F:C230625EUR700000,00
